<record><leader>00000cas a22000007a 4500</leader><controlfield tag="001">19680978</controlfield><controlfield tag="008">890509d18791891mouwr ne      0    0eng d</controlfield><datafield ind1=" " ind2=" " tag="010"><subfield code="a">sn 89066335 </subfield></datafield><datafield ind1=" " ind2=" " tag="040"><subfield code="a">MQN</subfield><subfield code="b">eng</subfield><subfield code="c">MQN</subfield><subfield code="d">OCLCQ</subfield></datafield><datafield ind1=" " ind2=" " tag="042"><subfield code="a">msc</subfield></datafield><datafield ind1="0" ind2=" " tag="130"><subfield code="a">Central Missourian (Glasgow, Mo.)</subfield></datafield><datafield ind1="1" ind2="0" tag="245"><subfield code="a">Central Missourian.</subfield></datafield><datafield ind1=" " ind2=" " tag="260"><subfield code="a">Glasgow, Mo. :</subfield><subfield code="b">Yeaman &amp; Vaughan</subfield></datafield><datafield ind1=" " ind2=" " tag="300"><subfield code="a">v.</subfield></datafield><datafield ind1=" " ind2=" " tag="310"><subfield code="a">Weekly</subfield></datafield><datafield ind1="1" ind2=" " tag="362"><subfield code="a">Began in 1879; ceased in 1891.</subfield></datafield><datafield ind1=" " ind2=" " tag="588"><subfield code="a">Description based on: Vol. 1, no. 3 (Aug. 14, 1879).</subfield></datafield><datafield ind1=" " ind2="4" tag="651"><subfield code="a">Glasgow (Mo.)</subfield><subfield code="v">Newspapers.</subfield></datafield><datafield ind1=" " ind2=" " tag="752"><subfield code="a">United States</subfield><subfield code="b">Missouri</subfield><subfield code="c">Howard</subfield><subfield code="d">Glasgow.</subfield></datafield><datafield ind1="0" ind2="5" tag="780"><subfield code="t">Glasgow journal (Glasgow, Mo.)</subfield><subfield code="w">(DLC)sn 89066334</subfield></datafield><datafield ind1="0" ind2="0" tag="785"><subfield code="t">Glasgow Missourian</subfield><subfield code="w">(DLC)sn 89066336</subfield></datafield><datafield ind1="1" ind2=" " tag="029"><subfield code="a">AU@</subfield><subfield code="b">000020618153</subfield></datafield></record>